@ARTICLE{sandstrom2013,
   author = {{Sandstrom}, K.~M. and {Leroy}, A.~K. and {Walter}, F. and {Bolatto}, A.~D. and 
	{Croxall}, K.~V. and {Draine}, B.~T. and {Wilson}, C.~D. and 
	{Wolfire}, M. and {Calzetti}, D. and {Kennicutt}, R.~C. and 
	{Aniano}, G. and {Donovan Meyer}, J. and {Usero}, A. and {Bigiel}, F. and 
	{Brinks}, E. and {de Blok}, W.~J.~G. and {Crocker}, A. and {Dale}, D. and 
	{Engelbracht}, C.~W. and {Galametz}, M. and {Groves}, B. and 
	{Hunt}, L.~K. and {Koda}, J. and {Kreckel}, K. and {Linz}, H. and 
	{Meidt}, S. and {Pellegrini}, E. and {Rix}, H.-W. and {Roussel}, H. and 
	{Schinnerer}, E. and {Schruba}, A. and {Schuster}, K.-F. and 
	{Skibba}, R. and {van der Laan}, T. and {Appleton}, P. and {Armus}, L. and 
	{Brandl}, B. and {Gordon}, K. and {Hinz}, J. and {Krause}, O. and 
	{Montiel}, E. and {Sauvage}, M. and {Schmiedeke}, A. and {Smith}, J.~D.~T. and 
	{Vigroux}, L.},
    title = "{The CO-to-H$_{2}$ Conversion Factor and Dust-to-gas Ratio on Kiloparsec Scales in Nearby Galaxies}",
  journal = {\apj},
archivePrefix = "arXiv",
   eprint = {1212.1208},
 primaryClass = "astro-ph.CO",
 keywords = {dust, extinction, galaxies: ISM, infrared: ISM, ISM: molecules},
     year = 2013,
    month = nov,
   volume = 777,
      eid = {5},
    pages = {5},
      doi = {10.1088/0004-637X/777/1/5},
   adsurl = {http://adsabs.harvard.edu/abs/2013ApJ...777....5S},
  adsnote = {Provided by the SAO/NASA Astrophysics Data System}
}

@ARTICLE{holland2013,
   author = {{Holland}, W.~S. and {Bintley}, D. and {Chapin}, E.~L. and {Chrysostomou}, A. and 
	{Davis}, G.~R. and {Dempsey}, J.~T. and {Duncan}, W.~D. and 
	{Fich}, M. and {Friberg}, P. and {Halpern}, M. and {Irwin}, K.~D. and 
	{Jenness}, T. and {Kelly}, B.~D. and {MacIntosh}, M.~J. and 
	{Robson}, E.~I. and {Scott}, D. and {Ade}, P.~A.~R. and {Atad-Ettedgui}, E. and 
	{Berry}, D.~S. and {Craig}, S.~C. and {Gao}, X. and {Gibb}, A.~G. and 
	{Hilton}, G.~C. and {Hollister}, M.~I. and {Kycia}, J.~B. and 
	{Lunney}, D.~W. and {McGregor}, H. and {Montgomery}, D. and 
	{Parkes}, W. and {Tilanus}, R.~P.~J. and {Ullom}, J.~N. and 
	{Walther}, C.~A. and {Walton}, A.~J. and {Woodcraft}, A.~L. and 
	{Amiri}, M. and {Atkinson}, D. and {Burger}, B. and {Chuter}, T. and 
	{Coulson}, I.~M. and {Doriese}, W.~B. and {Dunare}, C. and {Economou}, F. and 
	{Niemack}, M.~D. and {Parsons}, H.~A.~L. and {Reintsema}, C.~D. and 
	{Sibthorpe}, B. and {Smail}, I. and {Sudiwala}, R. and {Thomas}, H.~S.
	},
    title = "{SCUBA-2: the 10 000 pixel bolometer camera on the James Clerk Maxwell Telescope}",
  journal = {\mnras},
archivePrefix = "arXiv",
   eprint = {1301.3650},
 primaryClass = "astro-ph.IM",
 keywords = {instrumentation: detectors, submillimetre: general},
     year = 2013,
    month = apr,
   volume = 430,
    pages = {2513-2533},
      doi = {10.1093/mnras/sts612},
   adsurl = {http://adsabs.harvard.edu/abs/2013MNRAS.430.2513H},
  adsnote = {Provided by the SAO/NASA Astrophysics Data System}
}
